<record xmlns="http://www.loc.gov/MARC21/slim" xmlns:xsi="http://www.w3.org/2001/XMLSchema-instance" xsi:schemaLocation="http://www.loc.gov/MARC21/slim http://www.loc.gov/standards/marcxml/schema/MARC21slim.xsd"><leader>01765nam a2200349   4500</leader><controlfield tag="001">3079321</controlfield><controlfield tag="003">NNC</controlfield><controlfield tag="006">m        d        </controlfield><controlfield tag="007">cr cn |||m|||a</controlfield><controlfield tag="008">150223s1929    xx      o     000 0 arao </controlfield><datafield ind1=" " ind2=" " tag="040"><subfield code="a">NNU</subfield><subfield code="b">eng</subfield><subfield code="e">rda</subfield><subfield code="c">NNU</subfield></datafield><datafield ind1=" " ind2="4" tag="050"><subfield code="a">PJ6131</subfield><subfield code="b">.M85 1929</subfield></datafield><datafield ind1="1" ind2=" " tag="100"><subfield code="6">880-01</subfield><subfield code="a">Muh&#803;ibbi&#772;, Muh&#803;ammad Ami&#772;n ibn Fad&#803;l Alla&#772;h,</subfield><subfield code="d">1651-1699.</subfield></datafield><datafield ind1="1" ind2="0" tag="245"><subfield code="6">880-02</subfield><subfield code="a">Jana&#772; al-jannatayn fi&#772; tamyi&#772;z naw&#699;ay al-muthannayayn.</subfield></datafield><datafield ind1=" " ind2=" " tag="260"><subfield code="6">880-03</subfield><subfield code="a">Dimashaq :</subfield><subfield code="b">Maktabat al-Qudus wa al-Budiyar,</subfield><subfield code="c">1348 [1929]</subfield></datafield><datafield ind1=" " ind2=" " tag="300"><subfield code="a">online resource (172 pages)</subfield></datafield><datafield ind1=" " ind2=" " tag="336"><subfield code="a">text</subfield><subfield code="2">rdacontent</subfield></datafield><datafield ind1=" " ind2=" " tag="337"><subfield code="a">computer</subfield><subfield code="2">rdamedia</subfield></datafield><datafield ind1=" " ind2=" " tag="338"><subfield code="a">online resource</subfield><subfield code="2">rdacarrier</subfield></datafield><datafield ind1=" " ind2=" " tag="500"><subfield code="a">Part of the Arabic Collections Online (ACO) project, contributed by Columbia University Libraries.</subfield></datafield><datafield ind1=" " ind2=" " tag="533"><subfield code="a">Electronic reproduction.</subfield><subfield code="b">New York, N.Y. :</subfield><subfield code="c">New York University,</subfield><subfield code="d">2015.</subfield><subfield code="5">NNU</subfield></datafield><datafield ind1=" " ind2="0" tag="650"><subfield code="a">Arabic language</subfield><subfield code="x">Number.</subfield></datafield><datafield ind1=" " ind2="7" tag="650"><subfield code="a">Arabic language</subfield><subfield code="x">Number.</subfield><subfield code="2">fast</subfield><subfield code="0">(OCoLC)fst00812386</subfield></datafield><datafield ind1="2" ind2=" " tag="710"><subfield code="a">Columbia University.</subfield><subfield code="b">Libraries.</subfield></datafield><datafield ind1="0" ind2=" " tag="730"><subfield code="a">Arabic Collections Online.</subfield></datafield><datafield ind1="0" ind2="8" tag="776"><subfield code="i">Print version:</subfield><subfield code="a">Muh&#803;ibbi&#772;, Muh&#803;ammad Ami&#772;n ibn Fad&#803;l Alla&#772;h, 1651-1699.</subfield><subfield code="t">Jana&#772; al-jannatayn fi&#772; tamyi&#772;z naw&#699;ay al-muthannayayn</subfield><subfield code="w">(NNC)3079321</subfield><subfield code="w">(DLC)ne 68000602 </subfield><subfield code="w">(OCoLC)32577268</subfield></datafield><datafield ind1="4" ind2="0" tag="856"><subfield code="u">http://hdl.handle.net/2333.1/ngf1vkck</subfield></datafield><datafield ind1="1" ind2=" " tag="880"><subfield code="6">100-01/r</subfield><subfield code="a">&#1605;&#1581;&#1576;&#1609;&#1548; &#1605;&#1581;&#1605;&#1583; &#1571;&#1605;&#1610;&#1606; &#1576;&#1606; &#1601;&#1590;&#1604; &#1575;&#1604;&#1604;&#1607;.</subfield></datafield><datafield ind1="1" ind2="0" tag="880"><subfield code="6">245-02/r</subfield><subfield code="a">&#1580;&#1606;&#1609; &#1575;&#1604;&#1580;&#1606;&#1578;&#1610;&#1606; &#1601;&#1609; &#1578;&#1605;&#1610;&#1610;&#1586; &#1606;&#1608;&#1593;&#1609; &#1575;&#1604;&#1605;&#1579;&#1606;&#1610;&#1610;&#1606; /</subfield><subfield code="c">&#1578;&#1571;&#1604;&#1610;&#1601; &#1605;&#1581;&#1605;&#1583; &#1571;&#1605;&#1610;&#1606; &#1576;&#1606; &#1601;&#1590;&#1604; &#1575;&#1604;&#1604;&#1607; &#1575;&#1604;&#1605;&#1581;&#1576;&#1609;.</subfield></datafield><datafield ind1=" " ind2=" " tag="880"><subfield code="6">260-03/r</subfield><subfield code="a">&#1583;&#1605;&#1588;&#1602; :</subfield><subfield code="b">&#1605;&#1603;&#1578;&#1576;&#1577; &#1575;&#1604;&#1602;&#1583;&#1587;&#1609; &#1608;&#1575;&#1604;&#1576;&#1583;&#1610;&#1585;&#1548;</subfield><subfield code="c">[1929] 1348.</subfield></datafield><datafield ind1=" " ind2=" " tag="959"><subfield code="a">NNU</subfield><subfield code="b">WEB</subfield><subfield code="c">GENI</subfield><subfield code="t">0</subfield><subfield code="m">Electronic access</subfield><subfield code="s">01</subfield></datafield><datafield ind1=" " ind2=" " tag="999"><subfield code="i">NNC_3079321</subfield><subfield code="o">(OCoLC)32577268</subfield><subfield code="s">columbia_aco000115</subfield></datafield></record>